@inproceedings{bergstra2012machine,
  title={Machine learning for predictive auto-tuning with boosted regression trees},
  author={Bergstra, James and Pinto, Nicolas and Cox, David},
  booktitle={Innovative Parallel Computing (InPar), 2012},
  pages={1--9},
  year={2012},
  organization={IEEE}
}
@incollection{vuduc2001statistical,
  title={Statistical models for automatic performance tuning},
  author={Vuduc, Richard and Demmel, James W and Bilmes, Jeff},
  booktitle={Computational Scienceâ€”ICCS 2001},
  pages={117--126},
  year={2001},
  publisher={Springer}
}
@article{vuduc2004statistical,
  title={Statistical models for empirical search-based performance tuning},
  author={Vuduc, Richard and Demmel, James W and Bilmes, Jeff A},
  journal={International Journal of High Performance Computing Applications},
  volume={18},
  number={1},
  pages={65--94},
  year={2004},
  publisher={SAGE Publications}
}
@inproceedings{demmel2013communication,
  title={Communication-Optimal Parallel Recursive Rectangular Matrix Multiplication},
  author={Demmel, James and Eliahu, David and Fox, Armando and Kamil, Shoaib and Lipshitz, Benjamin and Schwartz, Oded and Spillinger, Omer},
  booktitle={IEEE International Parallel \& Distributed Processing Symposium},
  year={2013}
}
@misc{intel2007intel,
  title={Intel Math Kernel Library},
  author={Intel, MKL},
  year={2007}
}
@book{buhmann2003radial,
  title={Radial basis functions: theory and implementations},
  author={Buhmann, Martin D},
  volume={12},
  year={2003},
  publisher={Cambridge university press}
}
@inproceedings{collobert2004links,
  title={Links between perceptrons, MLPs and SVMs},
  author={Collobert, Ronan and Bengio, Samy},
  booktitle={Proceedings of the twenty-first international conference on Machine learning},
  pages={23},
  year={2004},
  organization={ACM}
}
@book{MATLAB:2010,
year = {2010},
author = {MATLAB},
title = {version 7.14.0 (R2011b)},
publisher = {The MathWorks Inc.},
address = {Natick, Massachusetts}
}